@article{Friedman_2003,
  author          = {Friedman},
  journal         = {},
  number          = {},
  title           = {Stratified fibrations and the intersection homology of  the regular neighborhoods of bottom strata},
  volume          = {},
  year            = {2003},
  url            ="https://arxiv.org/pdf/math/0307254.pdf"
}

@article{GM_1990,
  author          = {Goresky and MacPherson},
  journal         = {},
  number          = {},
  title           = {Morse Theory and Intersection Homology},
  volume          = {},
  year            = {Not sure},
  url = "https://www.math.ias.edu/~goresky/pdf/MorseIHHigh.pdf"
}